@PHDTHESIS{bak,
 author = {Thomas Bak},
 title = {Spacecraft Attitude Determination - a Magnetometer Approach},
 school = {Aalborg University Denmark},
  year = {1999}
}

@BOOK{kuipers,
  author =    {Jack B. Kuipers},
  title =     {Quaternions and Rotation Sequences},
  publisher = {Princeton University Press},
  year =      {2002}
}

@BOOK{wertz,
  author =    {James R. Wertz},
  title =     {Spacecraft Attitude Determination and Control},
  publisher = {Kluwer Academic Publishers},
  year =      {1995}
}

@BOOK{smad,
  title = {Space Mission Analysis and Design},
  author = {James R. Wertz AND Wiley J. Larson},
  series = {Space Technology Library},
  year = {1999},
  publisher = {Springer Netherlands}
}

@BOOK{mtgtds,
  title = {Mathematical Theory of the Goddard Trajectory Determination System},
  author = {J. O. Cappellari AND C. E. Velez AND A. J. Fuchs},
  year = {1976},
  month = {April},
  publisher = {NASA - Goddard Space Flight Center},
  address = {Greenbelt, Maryland}
}

@BOOK{nasa-sat,
  title = {Spacecraft Aerodynamic Torques},
  author = {NASA},
  year = {1971},
  month = {January},
  publisher = {NASA Jet Propulsion Laboratory}
}

@BOOK{nasa-sgt,
  title = {Spacecraft Gravitational Torques},
  author = {NASA},
  year = {1969},
  month = {May},
  publisher = {NASA}
}

@BOOK{nasa-smt,
  title = {Spacecraft Magnetic Torques},
  author = {NASA},
  year = {1969},
  month = {Marts},
  publisher = {NASA}
}

@TECHREPORT{raphal-notes,
  author = {Rafa{\l} Wi\'{s}niewski},
  title = {Lecture Notes on Modelling of a Spacecraft},
  institution = {Aalborg University},
  year = {1999},
  month = {May}
}

@BOOK{serway,
  title = {Physics for Scientists and Engineers with Modern Physics},
  author = {Raymond A. Serway AND John W. Jewett},
  year = {2014},
  edition = {9th},
  publisher = {Cengage Learning}
}

@BOOK{sidi,
  title = {Spacecraft Dynamics {\&} Control},
  author = {Marcel J. Sidi},
  year = {1997},
  edition = {1st},
  publisher = {Cambridge University Press}
}

@BOOK{franklin,
  title = {Feedback Control of Dynamic Systems},
  author = {Gene F. Franklin AND J. David Powell AND Abbas Emami-Naeini},
  year = {2010},
  edition = {6st},
  publisher = {Pearson}
}

@TECHREPORT{cds,
  author = {CalPoly},
  title = {CubeSat Design Specification Rev. 13},
  institution = {California Polytechnic State University},
  year = {2014},
  month = {February}
}

@ARTICLE{woellert,
  author = {Kirk Woellert AND Pascale Ehrenfreund AND Antonio J. Ricco AND Henry Hertzfeld},
  title = {Cubesats: Cost-effective science and technology platforms for emerging and developing nations},
  journal = {Advances in Space Research},
  year = {2011}
}

@CONFERENCE{oersted,
  author = {Thomas Bak AND Rafa{\l} Wi\'{s}niewski AND Mogens Blanke},
  title = {Autonomous Attitude Determination and Control System for the {{\O}}rsted Satellite},
  year = {1996},
  organization = {IEEE},
  publisher = {Aerospace Application Conference}
}

@BOOK{nasa-srt,
  title = {Spacecraft Radiation Torques},
  author = {NASA},
  year = {1969},
  month = {October},
  publisher = {NASA}
}
